<?xml version="1.0" encoding="UTF-8"?>
  <record xmlns="http://www.loc.gov/MARC21/slim" type="Authority">
    <leader>00000nz  a2200000nc 4500</leader>
    <controlfield tag="001">119211637</controlfield>
    <controlfield tag="003">DE-101</controlfield>
    <controlfield tag="005">20220311163844.0</controlfield>
    <controlfield tag="008">950124n||azznnaabn           | aaa    |c</controlfield>
    <datafield tag="024" ind1="7" ind2=" ">
      <subfield code="a">119211637</subfield>
      <subfield code="0">http://d-nb.info/gnd/119211637</subfield>
      <subfield code="2">gnd</subfield>
    </datafield>
    <datafield tag="035" ind1=" " ind2=" ">
      <subfield code="a">(DE-101)119211637</subfield>
    </datafield>
    <datafield tag="035" ind1=" " ind2=" ">
      <subfield code="a">(DE-588)119211637</subfield>
    </datafield>
    <datafield tag="035" ind1=" " ind2=" ">
      <subfield code="z">(DE-588)1089780036</subfield>
    </datafield>
    <datafield tag="035" ind1=" " ind2=" ">
      <subfield code="z">(DE-588a)119211637</subfield>
      <subfield code="9">v:zg</subfield>
    </datafield>
    <datafield tag="035" ind1=" " ind2=" ">
      <subfield code="z">(DE-588c)4363911-2</subfield>
      <subfield code="9">v:zg</subfield>
    </datafield>
    <datafield tag="040" ind1=" " ind2=" ">
      <subfield code="a">DE-386</subfield>
      <subfield code="c">DE-386</subfield>
      <subfield code="9">r:DE-576</subfield>
      <subfield code="b">ger</subfield>
      <subfield code="d">9999</subfield>
    </datafield>
    <datafield tag="042" ind1=" " ind2=" ">
      <subfield code="a">gnd1</subfield>
    </datafield>
    <datafield tag="043" ind1=" " ind2=" ">
      <subfield code="c">XA-DE</subfield>
    </datafield>
    <datafield tag="065" ind1=" " ind2=" ">
      <subfield code="a">20p</subfield>
      <subfield code="2">sswd</subfield>
    </datafield>
    <datafield tag="075" ind1=" " ind2=" ">
      <subfield code="b">p</subfield>
      <subfield code="2">gndgen</subfield>
    </datafield>
    <datafield tag="075" ind1=" " ind2=" ">
      <subfield code="b">piz</subfield>
      <subfield code="2">gndspec</subfield>
    </datafield>
    <datafield tag="079" ind1=" " ind2=" ">
      <subfield code="a">g</subfield>
      <subfield code="q">a</subfield>
      <subfield code="q">f</subfield>
      <subfield code="q">h</subfield>
      <subfield code="q">s</subfield>
      <subfield code="q">z</subfield>
      <subfield code="u">v</subfield>
      <subfield code="u">w</subfield>
      <subfield code="u">k</subfield>
      <subfield code="u">h</subfield>
    </datafield>
    <datafield tag="100" ind1="1" ind2=" ">
      <subfield code="a">Mästlin, Michael</subfield>
      <subfield code="d">1550-1631</subfield>
    </datafield>
    <datafield tag="375" ind1=" " ind2=" ">
      <subfield code="a">1</subfield>
      <subfield code="2">iso5218</subfield>
    </datafield>
    <datafield tag="400" ind1="1" ind2=" ">
      <subfield code="a">Möstlin, Michael</subfield>
      <subfield code="d">1550-1631</subfield>
    </datafield>
    <datafield tag="400" ind1="1" ind2=" ">
      <subfield code="a">Maestlin, Michael</subfield>
      <subfield code="d">1550-1631</subfield>
      <subfield code="9">v:LoC-NA</subfield>
      <subfield code="9">v:(VD-16)</subfield>
    </datafield>
    <datafield tag="400" ind1="1" ind2=" ">
      <subfield code="a">Moestlin, Michael</subfield>
      <subfield code="d">1550-1631</subfield>
    </datafield>
    <datafield tag="400" ind1="1" ind2=" ">
      <subfield code="a">Moestlinus, Michael</subfield>
      <subfield code="d">1550-1631</subfield>
    </datafield>
    <datafield tag="400" ind1="1" ind2=" ">
      <subfield code="a">Mestle, Michael</subfield>
      <subfield code="d">1550-1631</subfield>
    </datafield>
    <datafield tag="400" ind1="0" ind2=" ">
      <subfield code="a">MMMMG</subfield>
      <subfield code="d">1550-1631</subfield>
      <subfield code="9">v:MMMMG steht für Magister Michael Mästlinus Mathematicus Goeppingensis</subfield>
    </datafield>
    <datafield tag="400" ind1="1" ind2=" ">
      <subfield code="a">Moeschlinus, Michael</subfield>
      <subfield code="d">1550-1631</subfield>
    </datafield>
    <datafield tag="400" ind1="1" ind2=" ">
      <subfield code="a">Möschlinus, Michael</subfield>
      <subfield code="d">1550-1631</subfield>
    </datafield>
    <datafield tag="400" ind1="1" ind2=" ">
      <subfield code="a">Maestlinus, Michael</subfield>
      <subfield code="d">1550-1631</subfield>
    </datafield>
    <datafield tag="500" ind1="1" ind2=" ">
      <subfield code="0">(DE-101)1071745719</subfield>
      <subfield code="0">(DE-588)1071745719</subfield>
      <subfield code="0">https://d-nb.info/gnd/1071745719</subfield>
      <subfield code="a">Burckhardt, Margaretha</subfield>
      <subfield code="d">1564-1622</subfield>
      <subfield code="4">bezf</subfield>
      <subfield code="4">https://d-nb.info/standards/elementset/gnd#familialRelationship</subfield>
      <subfield code="w">r</subfield>
      <subfield code="i">Beziehung familiaer</subfield>
      <subfield code="e">Beziehung familiaer</subfield>
      <subfield code="9">v:Ehefrau</subfield>
    </datafield>
    <datafield tag="500" ind1="1" ind2=" ">
      <subfield code="0">(DE-101)116565101</subfield>
      <subfield code="0">(DE-588)116565101</subfield>
      <subfield code="0">https://d-nb.info/gnd/116565101</subfield>
      <subfield code="a">Heerbrand, Jakob</subfield>
      <subfield code="d">1521-1600</subfield>
      <subfield code="4">beza</subfield>
      <subfield code="4">https://d-nb.info/standards/elementset/gnd#acquaintanceshipOrFriendship</subfield>
      <subfield code="w">r</subfield>
      <subfield code="i">Bekanntschaft</subfield>
      <subfield code="e">Bekanntschaft</subfield>
      <subfield code="9">v:VD-16 Mitverf.</subfield>
    </datafield>
    <datafield tag="500" ind1="1" ind2=" ">
      <subfield code="0">(DE-101)121200574</subfield>
      <subfield code="0">(DE-588)121200574</subfield>
      <subfield code="0">https://d-nb.info/gnd/121200574</subfield>
      <subfield code="a">Hohenfelder, Wolfgang</subfield>
      <subfield code="4">beza</subfield>
      <subfield code="4">https://d-nb.info/standards/elementset/gnd#acquaintanceshipOrFriendship</subfield>
      <subfield code="w">r</subfield>
      <subfield code="i">Bekanntschaft</subfield>
      <subfield code="e">Bekanntschaft</subfield>
      <subfield code="9">v:VD-16 Mitverf.</subfield>
    </datafield>
    <datafield tag="500" ind1="1" ind2=" ">
      <subfield code="0">(DE-101)122163222</subfield>
      <subfield code="0">(DE-588)122163222</subfield>
      <subfield code="0">https://d-nb.info/gnd/122163222</subfield>
      <subfield code="a">Jacob, Jeremias</subfield>
      <subfield code="4">beza</subfield>
      <subfield code="4">https://d-nb.info/standards/elementset/gnd#acquaintanceshipOrFriendship</subfield>
      <subfield code="w">r</subfield>
      <subfield code="i">Bekanntschaft</subfield>
      <subfield code="e">Bekanntschaft</subfield>
      <subfield code="9">v:VD-16 Mitverf.</subfield>
    </datafield>
    <datafield tag="500" ind1="1" ind2=" ">
      <subfield code="0">(DE-101)11975925X</subfield>
      <subfield code="0">(DE-588)11975925X</subfield>
      <subfield code="0">https://d-nb.info/gnd/11975925X</subfield>
      <subfield code="a">Mener, Matthias</subfield>
      <subfield code="4">beza</subfield>
      <subfield code="4">https://d-nb.info/standards/elementset/gnd#acquaintanceshipOrFriendship</subfield>
      <subfield code="w">r</subfield>
      <subfield code="i">Bekanntschaft</subfield>
      <subfield code="e">Bekanntschaft</subfield>
      <subfield code="9">v:VD-16 Mitverf.</subfield>
    </datafield>
    <datafield tag="500" ind1="1" ind2=" ">
      <subfield code="0">(DE-101)11899901X</subfield>
      <subfield code="0">(DE-588)11899901X</subfield>
      <subfield code="0">https://d-nb.info/gnd/11899901X</subfield>
      <subfield code="a">Reinhold, Erasmus</subfield>
      <subfield code="d">1511-1553</subfield>
      <subfield code="4">beza</subfield>
      <subfield code="4">https://d-nb.info/standards/elementset/gnd#acquaintanceshipOrFriendship</subfield>
      <subfield code="w">r</subfield>
      <subfield code="i">Bekanntschaft</subfield>
      <subfield code="e">Bekanntschaft</subfield>
      <subfield code="9">v:VD-16 Mitverf.</subfield>
    </datafield>
    <datafield tag="500" ind1="1" ind2=" ">
      <subfield code="0">(DE-101)124793983</subfield>
      <subfield code="0">(DE-588)124793983</subfield>
      <subfield code="0">https://d-nb.info/gnd/124793983</subfield>
      <subfield code="a">Steeghius, Godefridus</subfield>
      <subfield code="d">1550-1609</subfield>
      <subfield code="4">beza</subfield>
      <subfield code="4">https://d-nb.info/standards/elementset/gnd#acquaintanceshipOrFriendship</subfield>
      <subfield code="w">r</subfield>
      <subfield code="i">Bekanntschaft</subfield>
      <subfield code="e">Bekanntschaft</subfield>
      <subfield code="9">v:VD-16 Mitverf.</subfield>
    </datafield>
    <datafield tag="500" ind1="1" ind2=" ">
      <subfield code="0">(DE-101)118518569</subfield>
      <subfield code="0">(DE-588)118518569</subfield>
      <subfield code="0">https://d-nb.info/gnd/118518569</subfield>
      <subfield code="a">Camerarius, Joachim</subfield>
      <subfield code="d">1500-1574</subfield>
      <subfield code="4">beza</subfield>
      <subfield code="4">https://d-nb.info/standards/elementset/gnd#acquaintanceshipOrFriendship</subfield>
      <subfield code="w">r</subfield>
      <subfield code="i">Bekanntschaft</subfield>
      <subfield code="e">Bekanntschaft</subfield>
      <subfield code="9">v:VD-16 Mitverf.</subfield>
    </datafield>
    <datafield tag="500" ind1="1" ind2=" ">
      <subfield code="0">(DE-101)118677446</subfield>
      <subfield code="0">(DE-588)118677446</subfield>
      <subfield code="0">https://d-nb.info/gnd/118677446</subfield>
      <subfield code="a">Crusius, Martin</subfield>
      <subfield code="d">1526-1607</subfield>
      <subfield code="4">beza</subfield>
      <subfield code="4">https://d-nb.info/standards/elementset/gnd#acquaintanceshipOrFriendship</subfield>
      <subfield code="w">r</subfield>
      <subfield code="i">Bekanntschaft</subfield>
      <subfield code="e">Bekanntschaft</subfield>
      <subfield code="9">v:VD-16 Mitverf.</subfield>
    </datafield>
    <datafield tag="500" ind1="0" ind2=" ">
      <subfield code="0">(DE-101)119718359</subfield>
      <subfield code="0">(DE-588)119718359</subfield>
      <subfield code="0">https://d-nb.info/gnd/119718359</subfield>
      <subfield code="a">I.G.H.</subfield>
      <subfield code="4">beza</subfield>
      <subfield code="4">https://d-nb.info/standards/elementset/gnd#acquaintanceshipOrFriendship</subfield>
      <subfield code="w">r</subfield>
      <subfield code="i">Bekanntschaft</subfield>
      <subfield code="e">Bekanntschaft</subfield>
      <subfield code="9">v:VD-16 Mitverf.</subfield>
    </datafield>
    <datafield tag="500" ind1="1" ind2=" ">
      <subfield code="0">(DE-101)12884678X</subfield>
      <subfield code="0">(DE-588)12884678X</subfield>
      <subfield code="0">https://d-nb.info/gnd/12884678X</subfield>
      <subfield code="a">Neander, Michael</subfield>
      <subfield code="d">1529-1581</subfield>
      <subfield code="4">beza</subfield>
      <subfield code="4">https://d-nb.info/standards/elementset/gnd#acquaintanceshipOrFriendship</subfield>
      <subfield code="w">r</subfield>
      <subfield code="i">Bekanntschaft</subfield>
      <subfield code="e">Bekanntschaft</subfield>
      <subfield code="9">v:VD-16 Mitverf.</subfield>
    </datafield>
    <datafield tag="510" ind1="2" ind2=" ">
      <subfield code="0">(DE-101)000361879</subfield>
      <subfield code="0">(DE-588)36187-2</subfield>
      <subfield code="0">https://d-nb.info/gnd/36187-2</subfield>
      <subfield code="a">Eberhard Karls Universität Tübingen</subfield>
      <subfield code="4">affi</subfield>
      <subfield code="4">https://d-nb.info/standards/elementset/gnd#affiliation</subfield>
      <subfield code="w">r</subfield>
      <subfield code="i">Affiliation</subfield>
      <subfield code="e">Affiliation</subfield>
    </datafield>
    <datafield tag="548" ind1=" " ind2=" ">
      <subfield code="a">1550-1631</subfield>
      <subfield code="4">datl</subfield>
      <subfield code="4">https://d-nb.info/standards/elementset/gnd#dateOfBirthAndDeath</subfield>
      <subfield code="w">r</subfield>
      <subfield code="i">Lebensdaten</subfield>
    </datafield>
    <datafield tag="548" ind1=" " ind2=" ">
      <subfield code="a">30.09.1550-20.10.1631</subfield>
      <subfield code="4">datx</subfield>
      <subfield code="4">https://d-nb.info/standards/elementset/gnd#dateOfBirthAndDeath</subfield>
      <subfield code="w">r</subfield>
      <subfield code="i">Exakte Lebensdaten</subfield>
    </datafield>
    <datafield tag="550" ind1=" " ind2=" ">
      <subfield code="0">(DE-101)040379450</subfield>
      <subfield code="0">(DE-588)4037945-0</subfield>
      <subfield code="0">https://d-nb.info/gnd/4037945-0</subfield>
      <subfield code="a">Mathematiker</subfield>
      <subfield code="4">berc</subfield>
      <subfield code="4">https://d-nb.info/standards/elementset/gnd#professionOrOccupation</subfield>
      <subfield code="w">r</subfield>
      <subfield code="i">Charakteristischer Beruf</subfield>
    </datafield>
    <datafield tag="550" ind1=" " ind2=" ">
      <subfield code="0">(DE-101)040033104</subfield>
      <subfield code="0">(DE-588)4003310-7</subfield>
      <subfield code="0">https://d-nb.info/gnd/4003310-7</subfield>
      <subfield code="a">Astronom</subfield>
      <subfield code="4">beru</subfield>
      <subfield code="4">https://d-nb.info/standards/elementset/gnd#professionOrOccupation</subfield>
      <subfield code="w">r</subfield>
      <subfield code="i">Beruf</subfield>
    </datafield>
    <datafield tag="551" ind1=" " ind2=" ">
      <subfield code="0">(DE-101)040214346</subfield>
      <subfield code="0">(DE-588)4021434-5</subfield>
      <subfield code="0">https://d-nb.info/gnd/4021434-5</subfield>
      <subfield code="a">Göppingen</subfield>
      <subfield code="4">ortg</subfield>
      <subfield code="4">https://d-nb.info/standards/elementset/gnd#placeOfBirth</subfield>
      <subfield code="w">r</subfield>
      <subfield code="i">Geburtsort</subfield>
    </datafield>
    <datafield tag="551" ind1=" " ind2=" ">
      <subfield code="0">(DE-101)040611477</subfield>
      <subfield code="0">(DE-588)4061147-4</subfield>
      <subfield code="0">https://d-nb.info/gnd/4061147-4</subfield>
      <subfield code="a">Tübingen</subfield>
      <subfield code="4">orts</subfield>
      <subfield code="4">https://d-nb.info/standards/elementset/gnd#placeOfDeath</subfield>
      <subfield code="w">r</subfield>
      <subfield code="i">Sterbeort</subfield>
    </datafield>
    <datafield tag="667" ind1=" " ind2=" ">
      <subfield code="a">LABI-BW-WLB</subfield>
    </datafield>
    <datafield tag="667" ind1=" " ind2=" ">
      <subfield code="a">12</subfield>
    </datafield>
    <datafield tag="667" ind1=" " ind2=" ">
      <subfield code="a">384</subfield>
    </datafield>
    <datafield tag="667" ind1=" " ind2=" ">
      <subfield code="a">7</subfield>
    </datafield>
    <datafield tag="667" ind1=" " ind2=" ">
      <subfield code="a">VD-17</subfield>
    </datafield>
    <datafield tag="667" ind1=" " ind2=" ">
      <subfield code="a">VD-16</subfield>
    </datafield>
    <datafield tag="670" ind1=" " ind2=" ">
      <subfield code="a">Quelle für die Identifikation des Monogramms: Gerhard Betsch: http://www.fa.uni-tuebingen.de/500jahre/veranstaltungen/historisch-ss-2007/mmmmg-magister-michael-mastlinus-mathematicus-goeppingensis-1550-1631/" ; M. Michael Maestlinus, Mathematicus Goeppingensis, 1550-1631 : Vorträge auf dem Symposium... /hrsg. von Gerhard Betsch ..., Frankfurt am Main, 2002</subfield>
    </datafield>
    <datafield tag="670" ind1=" " ind2=" ">
      <subfield code="a">B 1986</subfield>
    </datafield>
    <datafield tag="670" ind1=" " ind2=" ">
      <subfield code="a">Landesbibliographie Baden-Württemberg</subfield>
    </datafield>
    <datafield tag="672" ind1=" " ind2="0">
      <subfield code="a">Mästlin, Michael: Ausführlicher ... Bericht von der allgemeinen Jahrrechnung ..</subfield>
      <subfield code="f">1583</subfield>
    </datafield>
    <datafield tag="672" ind1=" " ind2="0">
      <subfield code="a">Mästlin, Michael: Defensio alterus sui Examinis ...</subfield>
      <subfield code="f">1588</subfield>
    </datafield>
    <datafield tag="672" ind1=" " ind2="0">
      <subfield code="a">Mästlin, Michael: Ephemerides Novae ab Anno 1577 ad 1590</subfield>
      <subfield code="f">1580</subfield>
    </datafield>
    <datafield tag="672" ind1=" " ind2="0">
      <subfield code="a">Mästlin, Michael: Alterum Examen novi Pontif. Gregoriani Kalendarii</subfield>
      <subfield code="f">1586</subfield>
    </datafield>
    <datafield tag="672" ind1=" " ind2="0">
      <subfield code="a">Mästlin, Michael: Epitome Astronomiae</subfield>
      <subfield code="f">1588</subfield>
    </datafield>
    <datafield tag="672" ind1=" " ind2="0">
      <subfield code="a">Mästlin, Michael: Disputatio De Multivariis Motuum Planetarum In Coelo ..</subfield>
      <subfield code="f">1606</subfield>
    </datafield>
    <datafield tag="672" ind1=" " ind2="0">
      <subfield code="a">Maestlin, Michael: DIVINO RECTORIS ASTRORVM FAVENTE NVMINE, DE ASTRONOMIAE HYPOTHESIBVS SIVE DE ... 1582. (VD16 M 85)</subfield>
    </datafield>
    <datafield tag="672" ind1=" " ind2="0">
      <subfield code="a">Maestlin, Michael: EPITOME ASTRONOMIAE, QVA BREVI EXPLICATIONE OMNIA, TAM AD Sphaericam quàm Theoricam ... 1597. (VD16 M 98)</subfield>
    </datafield>
    <datafield tag="672" ind1=" " ind2="0">
      <subfield code="a">Maestlin, Michael: Disputatio DE ECLIPSIBVS SOLIS ET LVNAE, QVAM</subfield>
    </datafield>
    <datafield tag="672" ind1=" " ind2="0">
      <subfield code="a">... PRAESIDE ... M. MICHAELE ... 1596. (VD16 ZV 10231)</subfield>
    </datafield>
    <datafield tag="672" ind1=" " ind2="0">
      <subfield code="a">Maestlin, Michael: Außfuehrlicher vnd Gründtlicher Bericht Von der allgemainen vnd nunmehr bey ... 1583. (VD16 M 87)</subfield>
    </datafield>
    <datafield tag="672" ind1=" " ind2="0">
      <subfield code="a">Maestlin, Michael: Obseruatio &amp; demonstratio COMETAE AETHEREI, QVI ANNO 1577. ET 1578. CONSTITVTVS IN ... 1578. (VD16 M 101)</subfield>
    </datafield>
    <datafield tag="672" ind1=" " ind2="0">
      <subfield code="a">Maestlin, Michael: EPITOME ASTRONOMIAE, QVA BREVI EXPLICATIONE OMNIA, TAM AD SPHAERICAM QVAM THEORICAM ... 1582. (VD16 M 96)</subfield>
    </datafield>
    <datafield tag="672" ind1=" " ind2="0">
      <subfield code="a">Maestlin, Michael: Consideratio &amp; obseruatio COMETAE AETHEREI ASTRONOMICA, QVI ANNO M D LXXX. MENSIBVS ... 1581. (VD16 M 88)</subfield>
    </datafield>
    <datafield tag="672" ind1=" " ind2="0">
      <subfield code="a">Maestlin, Michael: EPHEMERIS NOVA ANNI 1577. SEQVENS VLTIMAM HACTENVS A IOANNE STADIO LEONOVTHEsio ... 1576. (VD16 M 95)</subfield>
    </datafield>
    <datafield tag="672" ind1=" " ind2="0">
      <subfield code="a">Maestlin, Michael: DIVINO RECTORIS ASTRORVM FAVENTE NVMINE, DE ASTRONOMIAE PRINCIPALIBVS ET PRIMIS ... 1582. (VD16 M 86)</subfield>
    </datafield>
    <datafield tag="678" ind1=" " ind2=" ">
      <subfield code="b">Dt. Mathematiker und Astronom, Studium der Mathematik und Theologie in Tübingen, 1571 Magister, 1576-80 Diakon in Backnang, 1580-84 Prof. d. Math. in Heidelberg, ab 1584 in Tübingen Professor; Lehrer Keplers; in zweiter Ehe mit M. Burkhardt verheiratet</subfield>
    </datafield>
    <datafield tag="913" ind1=" " ind2=" ">
      <subfield code="S">pnd</subfield>
      <subfield code="i">a</subfield>
      <subfield code="a">Mästlin, Michael</subfield>
      <subfield code="0">(DE-588a)119211637</subfield>
    </datafield>
  </record>
